<?xml version="1.0" encoding="UTF-8"?><collection xmlns="http://www.loc.gov/MARC21/slim"><record><leader>00755nam--2200193-i-4500</leader><controlfield tag="001">000030335</controlfield><controlfield tag="002">20161230</controlfield><controlfield tag="005">20161230201038</controlfield><controlfield tag="008">060222s1000------------r-----000-0-eng-d</controlfield><datafield ind1=" " ind2=" " tag="020"><subfield code="a">030640558X</subfield></datafield><datafield ind1=" " ind2=" " tag="040"><subfield code="a">IFIN-HH</subfield></datafield><datafield ind1=" " ind2=" " tag="080"><subfield code="a">535.36:541.18:541.64(061.3)</subfield></datafield><datafield ind1=" " ind2=" " tag="100"><subfield code="a">Degiorgio, V</subfield></datafield><datafield ind1="1" ind2="0" tag="245"><subfield code="a">Light scattering in liquids and macromolecular solutions</subfield><subfield code="b">Proceedings of the workshop on quasielastic light scattering studies of fluids and macromolecular solutions, held at the centro informazioni studi esperienze (cise), segrate, milan, italy, may 11-13, 1979</subfield><subfield code="c">V. DEGIORGIO; M. CORTI; M. GIGLIO (Eds.)</subfield></datafield><datafield ind1=" " ind2=" " tag="260"><subfield code="a">LONDON</subfield><subfield code="b">Plenum Press</subfield><subfield code="c">1980</subfield></datafield><datafield ind1=" " ind2=" " tag="300"><subfield code="a">X+334P</subfield></datafield><datafield ind1="1" ind2=" " tag="700"><subfield code="a">Giglio, M</subfield><subfield code="e">Ed</subfield></datafield><datafield ind1=" " ind2=" " tag="852"><subfield code="a">49210</subfield><subfield code="c">535</subfield></datafield><datafield ind1=" " ind2=" " tag="CAT"><subfield code="a">Sys</subfield><subfield code="c">20101124</subfield><subfield code="h">125418</subfield></datafield></record></collection>